@article{al2016facial,
  title={Facial Expression Recognition Using a Hybrid CNN-SIFT Aggregator},
  author={Al-Shabi, Mundher and Cheah, Wooi Ping and Connie, Tee},
  journal={arXiv preprint arXiv:1608.02833},
  year={2016}
}

@article{ng2003sift,
  title={SIFT: Predicting amino acid changes that affect protein function},
  author={Ng, Pauline C and Henikoff, Steven},
  journal={Nucleic acids research},
  volume={31},
  number={13},
  pages={3812--3814},
  year={2003},
  publisher={Oxford University Press}
}

@inproceedings{basu2002semi,
  title={Semi-supervised clustering by seeding},
  author={Basu, Sugato and Banerjee, Arindam and Mooney, Raymond},
  booktitle={In Proceedings of 19th International Conference on Machine Learning (ICML-2002},
  year={2002},
  organization={Citeseer}
}

@inproceedings{he2016deep,
  title={Deep residual learning for image recognition},
  author={He, Kaiming and Zhang, Xiangyu and Ren, Shaoqing and Sun, Jian},
  booktitle={Proceedings of the IEEE conference on computer vision and pattern recognition},
  pages={770--778},
  year={2016}
}

@article{chawla2002smote,
  title={SMOTE: synthetic minority over-sampling technique},
  author={Chawla, Nitesh V and Bowyer, Kevin W and Hall, Lawrence O and Kegelmeyer, W Philip},
  journal={Journal of artificial intelligence research},
  volume={16},
  pages={321--357},
  year={2002}
}

@book{hosmer2013applied,
  title={Applied logistic regression},
  author={Hosmer Jr, David W and Lemeshow, Stanley and Sturdivant, Rodney X},
  volume={398},
  year={2013},
  publisher={John Wiley \& Sons}
}